@misc{harvardarch,
    author = "Wikipedia",
    title = "Harvard Computer Architecture",
    url = "https://en.wikipedia.org/wiki/Harvard_architecture"
}

@misc{vonneumanarch,
   author = "Wikipedia",
    title = "Von Computer Architecture",
    url = "https://en.wikipedia.org/wiki/Von_Neumann_architecture"
}

@article{Geuvers2009,
author="Geuvers, H.",
title="Proof assistants: History, ideas and future",
journal="Sadhana",
year="2009",
month="Feb",
day="01",
volume="34",
number="1",
pages="3--25",
issn="0973-7677",
doi="10.1007/s12046-009-0001-5",
url="https://doi.org/10.1007/s12046-009-0001-5"
}

@misc{quantumstack,
    author =       "Chong and Franklin",
    title =        "Programming languages and compiler design for realistic quantum hardware",
    year =         "2017"
}

@article{qwire,
  author    = {Robert Rand and
               Jennifer Paykin and
               Steve Zdancewic},
  title     = {{QWIRE} Practice: Formal Verification of Quantum Circuits in Coq},
  booktitle = {Proceedings 14th International Conference on Quantum Physics and Logic,
               {QPL} 2017, Nijmegen, The Netherlands, 3-7 July 2017.},
  pages     = {119--132},
  year      = {2017},
  url       = {https://doi.org/10.4204/EPTCS.266.8},
  doi       = {10.4204/EPTCS.266.8},
  timestamp = {Wed, 12 Sep 2018 01:05:15 +0200}
}

@article{certigrad,
  author    = {Daniel Selsam and
               Percy Liang and
               David L. Dill},
  title     = {Developing Bug-Free Machine Learning Systems With Formal Mathematics},
  journal   = {CoRR},
  volume    = {abs/1706.08605},
  year      = {2017},
  url       = {http://arxiv.org/abs/1706.08605},
  archivePrefix = {arXiv},
  eprint    = {1706.08605},
  timestamp = {Mon, 13 Aug 2018 16:48:35 +0200},
  biburl    = {https://dblp.org/rec/bib/journals/corr/SelsamLD17},
  bibsource = {dblp computer science bibliography, https://dblp.org}
}

@misc{vonneuman_qc,
    author = " Matthias F. Brandl ",
    title = "A Quantum von Neumann Architecture for Large-Scale Quantum Computing",
    url = "https://arxiv.org/abs/1702.02583"   
} 
 
@book{QCQI,
    author    = "Michael A. Nielsen and Isaac L. Chuang",
    title     = "Quantum Computation and Quantum Information",
    year      = "2000",
    publisher = "Cambridge University Press",
    address   = "The Edinburgh Building, Cambridge CB2 2RU, UK"
}

@book{pfpl,
    author    = "Robert Harper",
    title     = "Practical Foundations for Programming Languages (Second Edition) ",
    year      = "2016",
    publisher = "Cambridge University Press",
    address   = "The Edinburgh Building, Cambridge CB2 2RU, UK"
}

@misc{Softwarefoundations,
    author    = "University of Pennsylvania",
    title     = "Software Foundations",
    url   = "https://softwarefoundations.cis.upenn.edu/"
}

@book{cpdt,
    author    = "Adam Chlipala",
    title     = "Certified Programming with Dependent Types",
    year      = "1993",
    publisher = "MIT Press",
}

@book{abstractmaths,
    author    = "Thomas W. Judson",
    title     = "Abstract Algebra Theory and Applications",
    year      = "2015"
}

@book{dragonbook,
    author    = "Alfred V. Aho",
    title     = "Compilers Principles, Techniques, and Tools",
    year      = "1993",
    publisher = "Pearson Addison-Wesley",
}

@misc{deepspec,
    title     = "Deepspec NSF expedition",
    url       = "https://deepspec.org"
}

@misc{qcl,
    title     = "QCL TU Wein",
    url       = "http://tph.tuwien.ac.at/~oemer/qcl.html"
}

@misc{provingground,
    author = "Siddhartha Gadgil",
    title     = "Proving Ground",
    url       = "https://github.com/siddhartha-gadgil/ProvingGround"
}

@misc{church_turing_hyp,
    author = "Wikipedia",
    title     = "Church-Turing Hypothesis",
    url       = "https://en.wikipedia.org/wiki/Church%E2%80%93Turing_thesis"
}

@misc{risc_cisc,
    author = "Harvard CS course",
    title     = "RISC vs CISC",
    url       = "https://cs.stanford.edu/people/eroberts/courses/soco/projects/risc/risccisc/"
}

@misc{llvm,
    title     = "Deepspec NSF expedition",
    url       = "https://llvm.org/"
}

@misc{per_martin_tt,
    author = "Wikipedia",
    title     = "Martin-Lof Type Theory",
    url       = "https://en.wikipedia.org/wiki/Intuitionistic_type_theory"
}

@misc{typesystems,
    author = "Wikipedia",
    title     = "Typesystems of computer lanuages",
    url       = "https://en.wikipedia.org/wiki/Type_system"
}

@misc{lambda_calculus,
    author = "Wikipedia",
    title     = "Lambda Calculus",
    url       = "https://en.wikipedia.org/wiki/Lambda_calculus"
}

@misc{computer_arch,
    author = "NPTEL",
    title     = "Computer Architecture Video series",
    url       = "https://nptel.ac.in/courses/106102062/"
}

@misc{dependent_types,
    author = "Wikipedia",
    title     = "Dependent Types",
    url       = "https://en.wikipedia.org/wiki/Dependent_type"
}

@misc{hilbert_system,
    author = "Wikipedia",
    title     = "Hilbert-Style Deduction System",
    url       = "https://en.wikipedia.org/wiki/Hilbert_system"
}

@misc{curry_howard,
    author = "Wikipedia",
    title     = "Curry Howard Correspondence ",
    url       = "https://en.wikipedia.org/wiki/Curry%E2%80%93Howard_correspondence"
}

@misc{hoare_logic,
    author = "Wikipedia",
    title     = "Hoare Logic ",
    url       = "https://en.wikipedia.org/wiki/Hoare_logic"
}

@misc{separation_logic,
    author = "Wikipedia",
    title     = "Separation logic",
    url       = "https://en.wikipedia.org/wiki/Separation_logic"
}

@misc{lcf,
    author = "Wikipedia",
    title     = "Logic For Computable Functions",
    url       = "https://en.wikipedia.org/wiki/Logic_for_Computable_Functions"
}

@misc{pcf,
    author = "Wikipedia",
    title     = "Programming Computable Functions",
    url       = "https://en.wikipedia.org/wiki/Programming_Computable_Functions"
}

@misc{coq,
    author = "INRIA",
    title     = "Coq - Proof assistant",
    url       = "https://coq.inria.fr"
}

@misc{isabelle,
    author = "University of Cambridge and TUM",
    title     = "Isabelle - Proof Assitant",
    url       = "http://isabelle.in.tum.de/index.html"
}

@misc{VST,
    author = "Princeton University",
    title     = "Verified Software Toolchain (VST)",
    url       = "http://vst.cs.princeton.edu/"
}

@misc{bruijncriteria,
    author = "Herman Guevers",
    title     = "De Bruijn Criteria (lecture slides)",
    url       = "https://www.cs.ru.nl/~herman/talk-FOMCAF.pdf"
}

@misc{step_indexing,
    author = "Daniel Gratzer",
    title     = "Step Indexing (Video talk)",
    url       = "https://mediaservices.cmu.edu/media/SCS+Honors+Thesis+-+Daniel+Gratzer/1_x2s5grip"
}

@misc{quill,
    author = "Wikipedia",
    title     = "Quill ISA",
    url       = "https://en.wikipedia.org/wiki/Quil_(instruction_set_architecture)"
}

@misc{qasm,
    author = "Andrew W. Cross and Lev S. Bishop",
    title     = "QASM ISA",
    url       = "https://arxiv.org/abs/1707.03429"
}

@misc{project_q,
    author = "ETH Zurich",
    title     = "Project Q",
    url       = "https://projectq.ch/"
}

@misc{qiskit,
    author = "IBM",
    title     = "QisKit",
    url       = "https://github.com/Qiskit"
}

@misc{forest,
    author = "Rigetti",
    title     = "Forest",
    url       = "https://www.rigetti.com/forest"
}

@misc{QMASM,
    author = "Los Alamos National Laboratory and D-Wave",
    title     = "QMASM",
    url       = "https://github.com/lanl/qmasm"
}

@misc{liqui,
    author = "Microsoft Research",
    title     = "LIQUI",
    url       = "https://www.microsoft.com/en-us/research/project/language-integrated-quantum-operations-liqui/"
}

@misc{epiqc,
    title     = "EPIQC",
    url       = "http://epiqc.cs.uchicago.edu/"
}

@misc{epiqc_video,
    author = "EPIQC",
    title     = "EPIQC video talks",
    url       = "https://www.youtube.com/watch?v=ZQ_NE-E91aU&list=PLfOgkuiMs5qD6BkS7Bk2gLGdHSxjMz5MY"
}

@misc{certigrad_video,
    author = "Los Alamos National Laboratory and D-Wave",
    title     = "QMASM",
    url       = "https://www.youtube.com/watch?v=-A1tVNTHUFw"
}

@misc{proof_assistant,
    author = "Wikipedia",
    title     = "Proof Assitants",
    url       = "https://en.wikipedia.org/wiki/Proof_assistant"
}

@misc{phantom_types,
    author = "Steve Zdancewic, Robert Rand, Jennifer Paykin",
    title     = "Phantom Types for Quantum Programs",
    url       = "https://popl18.sigplan.org/event/coqpl-2018-phantom-types-for-quantum-programs"
}

@misc{russel,
    author = "Stanford.edu",
    title     = "Russel's Paradox",
    url       = "https://plato.stanford.edu/entries/russell-paradox/"
}

@misc{newkindofscience,
    author = "Stephan Wolfram",
    title     = "New Kind of Science",
    url       = "https://www.wolframscience.com/"
}

@misc{typed_lambda,
    author = "Wikipedia",
    title     = "Typed Lambda Calculus",
    url       = "https://en.wikipedia.org/wiki/Typed_lambda_calculus"
}

